% This file was created with JabRef 2.10.
% Encoding: UTF8


@Manual{amsthm,
  Title                    = {Using the \textsf{amsthm} Package},
  Author                   = {{American Mathematical Society}},
  Year                     = {2015},

  Date                     = {2015-04},
  Owner                    = {wra},
  Timestamp                = {2015.10.19},
  Url                      = {https://www.ctan.org/pkg/amsthm}
}

@Manual{amsfonts,
  Title                    = {User's Guide to {AMSFonts} Version 2.2d},
  Author                   = {{American Mathematical Society}},
  Year                     = {2002},

  Date                     = {2002-02},
  Owner                    = {wra},
  Timestamp                = {2015.10.19},
  Url                      = {https://www.ctan.org/pkg/amsfonts}
}

@Manual{amsmath,
  Title                    = {User's Guide for the \textsf{amsmath} Package},
  Author                   = {{American Mathematical Society}},
  Year                     = {2002},

  Date                     = {2002-02-25},
  Owner                    = {wra},
  Timestamp                = {2015.10.19},
  Url                      = {https://www.ctan.org/pkg/amsmath}
}

@Manual{babel,
  Title                    = {Babel},
  Author                   = {Bezos, Javier and Braams, Johannes L.},
  Year                     = {2015},

  Date                     = {2015-08-03},
  Owner                    = {wra},
  Timestamp                = {2015.10.25},
  Url                      = {https://www.ctan.org/pkg/babel}
}

@Manual{listings,
  Title                    = {The \textsf{listings} Package},
  Author                   = {Heintz, Carsten and Moses, Brooks and Hoffman, Jobst},
  Year                     = {2015},

  Date                     = {2015-06/-4},
  Owner                    = {wra},
  Timestamp                = {2015.10.19},
  Url                      = {https://www.ctan.org/pkg/listings}
}

@Manual{komascript,
  Title                    = {{KOMA-Script}},
  Author                   = {Kohm, Markus},
  Year                     = {2015},

  Date                     = {2015-06-18},
  Subtitle                 = {Ein wandelbares {\LaTeXe}},
  Timestamp                = {2013.11.15},
  Url                      = {http://www.ctan.org/pkg/koma-script}
}

@Manual{biblatex,
  Title                    = {Das \textsf{biblatex} Paket},
  Author                   = {Lehman, Philipp},
  Year                     = {2011},

  Date                     = {2011},
  File                     = {:lehman_2011_das_biblatex_paket.pdf:PDF},
  Timestamp                = {2013.11.11},
  Url                      = {http://www.ctan.org/pkg/biblatex}
}

@Manual{hyphsubst,
  Title                    = {The \textsf{hyphsubst} package},
  Author                   = {Oberdiek, Heiko},
  Year                     = {2008},

  Date                     = {2008-06-09},
  File                     = {:oberdiek_2008_the_hyphsubst_package.pdf:PDF},
  Timestamp                = {2013.11.11},
  Url                      = {http://www.ctan.org/pkg/hyphsubst}
}

@Manual{csquotes,
  Title                    = {The \textsf{csquotes} package},
  Author                   = {Joseph Wright},
  Year                     = {2015},

  Date                     = {2015-07-18},
  Owner                    = {wra},
  Timestamp                = {2015.10.26},
  Url                      = {https://www.ctan.org/pkg/csquotes}
}

@comment{jabref-meta: fileDirectory-wra:.;}

@comment{jabref-meta: selector_keywords:&;(g)Griechisch;(p)Pindarus;(s
)Lyrik;(s)Transzendenz;(s)Zeit;(z)Geschichte;/;1754-1800.;2007;2011;31
6L;650;7816;80;\;;Adult\;;Aged,;Aged\;;Algorithms\;AlternativeSplicing
;Algorithms\;AlternativeSplicing\;ComputationalBiology;Algorithms\;Bas
eSequence\;ChromosomeMapping;Analysis\;;Animals\;ApolipoproteinsE;Anim
als\;CellLine\;ComputationalBiology;Antibodies;Availability;BOSE-GAS;B
atterybatterie;BayesTheorem\;ComputationalBiology;Bed�rfnis;Befestigun
gen;Bibliometrie;Bildung;Biological;Biomass{conversion,Meat}andbone{me
al,Pyrolysis};Biomechanics\;;Bone;Bone,;Bones,;Byzanz;CCNP;CEP;CEPaaS;
CNV;Carcinoma;Cayley_Graph;Changes\;;Chr.;Chr.-450;Co-curedjoiningmeth
od;Colonisation;Compositebeam;Compositegirder;Compositeslab;Cryopreser
vation\;;DNA;DSCslabs;Daten;Datenschutz;Dementia;Density\;;Deutschland
;DidaktischesPrinzip;Diplomarbeit;Dosage;Drug;E-commerce;EBM;ETALIS;EX
CITATIONS;Einwanderungspolitik;Elasticity;Elasticity\;;Element;Empiris
cheForschung;Energy;Entwicklung;Epidermal;Ethanol,;Factor;Factors\;;Fa
ktorisierung;Female\;;Femur,;Finite;Fixation\;;Fixatives,;Fixed{bed,Or
ange}peel{residue,Pyrolysis};Forschungsstand;Fractures,;Freezing\;;Frü
hmittelalter;GAS;Gene;Genetic;Genetic\;MolecularSequenceData\;ProteinI
soforms;Genetic\;PoissonDistribution\;ProteinIsoforms;Genetic\;RNA;Geo
metry;}

@comment{jabref-meta: selector_journal:}

@comment{jabref-meta: selector_publisher:}

@comment{jabref-meta: selector_author:}

